

@book{whoneedsemotions,
   title =     {Who Needs Emotions The Brain Meets the Robot},
   author =    {Fellous & Arbib},
   publisher = {Oxford University Press},
   year =      {2005},
   series =    {},
   edition =   {},
   volume =    {},
   url =       {http://gen.lib.rus.ec/book/index.php?md5=F2B79880159A912858F365D6B1C1CC1F}}

@book{humanityvstechnology,
    author    = "Gerd Leonhard",
    title     = "Technology Vs. Humanity: The Coming Clash Between Man and Machine",
    year      = "2016",
    publisher = "Fast Future Publishing"
}



@misc{cortex,
   author = "Wikipédia",
   title = "Cortex orbitofrontal --- Wikipédia{,} l'encyclopédie libre",
   year = "2019",
   url = "http://fr.wikipedia.org/w/index.php?title=Cortex_orbitofrontal&oldid=157678148",
   note = "[En ligne; Page disponible le 19-mars-2019]"
 }


@article{myers2004theories,
  title={Theories of emotion},
  author={Myers, David G},
  journal={Psychology: Seventh Edition, New York, NY: Worth Publishers},
  volume={500},
  year={2004}
}


@misc{plutchik,
   author = "Wikipédia",
   title = "Robert Plutchik --- Wikipédia{,} l'encyclopédie libre",
   year = "2019",
   url = "http://fr.wikipedia.org/w/index.php?title=Robert_Plutchik&oldid=157735068",
   note = "[En ligne; Page disponible le 21-mars-2019]"
 }


@article{tayari2009modelisation,
  title={Modelisation des etats emotionnels par un espace vectoriel multidimensionnel},
  author={Tayari, Imen and Le Thanh, Nhan and Amar, Chokri Ben},
  year={2009},
  journal={Technical report, Laboratoire Informatique, Signaux et Systemes de Sophia}
}


@misc{sma,
   author = "Wikipédia",
   title = "Système multi-agents --- Wikipédia{,} l'encyclopédie libre",
   year = "2019",
   url = "http://fr.wikipedia.org/w/index.php?title=Syst%C3%A8me_multi-agents&oldid=159422109",
   note = "[En ligne; Page disponible le 20-mai-2019]"
 }


@inproceedings{norling2000enhancing,
  title={Enhancing multi-agent based simulation with human-like decision making strategies},
  author={Norling, Emma and Sonenberg, Liz and R{\"o}nnquist, Ralph},
  booktitle={International Workshop on Multi-Agent Systems and Agent-Based Simulation},
  pages={214--228},
  year={2000},
  organization={Springer}
}

@incollection{zsambok2014naturalistic,
  title={Naturalistic decision making: where are we now?},
  author={Zsambok, Caroline E},
  booktitle={Naturalistic decision making},
  pages={23--36},
  year={2014},
  publisher={Psychology Press}
}

@article{orasanu1993reinvention,
  title={The reinvention of decision making},
  author={Orasanu, Judith and Connolly, Terry},
  year={1993},
  journal={Ablex Publishing}
}

@article{lipshitz1993converging,
  title={Converging themes in the study of decision making in realistic settings},
  author={Lipshitz, Raanan},
  year={1993},
  journal={Ablex Publishing}
}

@incollection{dreyfus2014intuitive,
  title={Intuitive, deliberative, and calculative models of expert performance},
  author={Dreyfus, Hubert L},
  booktitle={Naturalistic decision making},
  pages={37--48},
  year={2014},
  publisher={Psychology Press}
}


@book{klein2017sources,
  title={Sources of power: How people make decisions},
  author={Klein, Gary A},
  year={2017},
  publisher={MIT press}
}

@book{bratman1987intention,
  title={Intention, plans, and practical reason},
  author={Bratman, Michael},
  volume={10},
  year={1987},
  publisher={Harvard University Press Cambridge, MA}
}



@article{bratman1988plans,
  title={Plans and resource-bounded practical reasoning},
  author={Bratman, Michael E and Israel, David J and Pollack, Martha E},
  journal={Computational intelligence},
  volume={4},
  number={3},
  pages={349--355},
  year={1988},
  publisher={Wiley Online Library}
}



@online{jack,
  author = {Andrew Lucas},
  title = {Agent Oriented Software JACK},
  year={1997},
  url = {http://agent-software.com.au/jack.html},
}


@inproceedings{dmars1997formal,
  title={A formal specification of dMARS},
  author={d'Inverno, Mark and Kinny, David and Luck, Michael and Wooldridge, Michael},
  booktitle={International Workshop on Agent Theories, Architectures, and Languages},
  pages={155--176},
  year={1997},
  organization={Springer}
}

@article{sloman2005architectural,
  title={The architectural basis of affective states and processes},
  author={Sloman, Aaron and Chrisley, Ron and Scheutz, Matthias},
  journal={Who needs emotions},
  volume={32},
  year={2005}
}



@article{kesteren2001supervised,
  title={A supervised machine-learning approach to artificial emotions},
  author={Kesteren, AJ},
  journal={Department of Computer Science, University of Twente},
  year={2001}
}

@article{zadeh2006emotional,
  title={Emotional behavior: A resource management approach},
  author={Zadeh, Saman Harati and Shouraki, Saeed Bagheri and Halavati, Ramin},
  journal={Adaptive Behavior},
  volume={14},
  number={4},
  pages={357--380},
  year={2006},
  publisher={Sage Publications Sage CA: Thousand Oaks, CA}
}



@online{unity1,
  author = {Arthur Juliani},
  title = {Introducing: Unity Machine Learning Agents Toolkit,},
  year={2017},
  url = {https://blogs.unity3d.com/2017/09/19/introducing-unity-machine-learning-agents/},
}


@online{unity2,
  author = {Mattar, Marwan, Danny and Lange},
  title = {Fostering AI Research: Meet us at AAAI-19,},
  year={2019},
  url = {https://blogs.unity3d.com/2019/01/18/fostering-ai-research-meet-us-at-aaai-19/},
}

@online{amygdale,
    author    =  {Jean-François Pillou},
    year = {2014},
    title     =  {Amygdale},
    url       =  {https://sante-medecine.journaldesfemmes.fr/faq/21535-amygdale-cerveau-definition}
}

@online{paul,
    author    =  {Florence Lila},
    year = {2012},
    title     =  {Les émotions fondamentales d'après Paul EKMAN},
    url       =  {http://psychologie-des-emotions.eklablog.com/les-emotions-fondamentales-d-apres-paul-ekman-a46035086}
}
    
@article{jones1999automated,
  title={Automated intelligent pilots for combat flight simulation},
  author={Jones, Randolph M and Laird, John E and Nielsen, Paul E and Coulter, Karen J and Kenny, Patrick and Koss, Frank V},
  journal={AI magazine},
  volume={20},
  number={1},
  pages={27--41},
  year={1999}
}

@article{watkins1992q,
  title={Q-learning},
  author={Watkins, Christopher JCH and Dayan, Peter},
  journal={Machine learning},
  volume={8},
  number={3-4},
  pages={279--292},
  year={1992},
  publisher={Springer}
}


@misc{generation,
   author = "Wikipédia",
   title = "Génération procédurale --- Wikipédia{,} l'encyclopédie libre",
   year = "2019",
   url = "http://fr.wikipedia.org/w/index.php?title=G%C3%A9n%C3%A9ration_proc%C3%A9durale&oldid=158928549",
   note = "[En ligne; Page disponible le 2-mai-2019]"
 }
 
 
 @online{youtubeIA,
        title = {How AI will completely change video games},
        date = {2019},
        organization = {Youtube},
        author = {Nick Statt},
        url = {https://www.youtube.com/watch?time_continue=95&v=NPuYtHZud0o}
}

@online{red,
  author = {Kirk McKeand},
  title = {Red Dead Redemption 2 – how advanced AI and physics create the most believable open world yet},
  year={2018},
  url = {https://www.vg247.com/2018/12/12/red-dead-redemption-2-physics-ai-euphoria-phil-hooker-interview/}
}

@online{simsArticle,
  author = {Darren Orf},
  title = {The AI That Powers The Sims 4 Is Almost Too Smart},
  year={2014},
  url = {https://www.popularmechanics.com/culture/gaming/a10698/inside-the-mind-of-the-sims-4-16906802/}
}



 